@online{forte,
title = {Convenios FORTE},
year = {último acceso en 2018},
url = {http://webpub.esi.uclm.es/spa/paginas/profesionalizate-forte},
OPTorganization = {Escuela Superior de Infomática - UCLM}
}

@online{noticiaRegistro,
title = {La Fundación Ramñon Areces impulsa el primer registro de supervivientes a largo plazo de cáncer infantil en España},
year = {último acceso en 2018},
url = {http://www.fundacionareces.es/fundacionareces/portal.do?TR=C&IDR=2024},
OPTorganization = {Fundación Ramón Areces},
OPTdate = {14},
OPTmonth = {febrero},
}

@online{mysqlpago,
title = {Commercial License for OEMs, ISVs and VARs },
OPTorganization = {MySQL},
url = {https://www.mysql.com/about/legal/licensing/oem/},
year = {último acceso en 2018},
}
@online{mdbfeatures,
title = {MariaDB versus MySQL - Features},
OPTorganization = {MariaDB},
url = {https://mariadb.com/kb/en/library/mariadb-vs-mysql-features/},
year = {último acceso en 2018},
}
@online{inceptionDeck,
title = {The Agile Inception Deck},
author = {Jonathan Rasmusson},
url = {https://agilewarrior.wordpress.com/2010/11/06/the-agile-inception-deck/},
year = {último acceso en 2018},
}
@online{ldap,
title = {RFC 2251 - Lightweight Directory Access Protocol (v3)},
OPTorganization = {Internet FAQ Archives},
url = {http://www.faqs.org/rfcs/rfc2251.html},
year = {último acceso en 2018},
}
@online{jiraFilters,
title = {
Jira Software Support - Advanced searching},
OPTorganization = {Atlassian},
year = {último acceso en 2018},
url = {https://confluence.atlassian.com/jirasoftwareserver076/advanced-searching-941595912.html},
}
@online{lopd,
title = {Reglamento de la LOPD},
url = {https://www.agpd.es/portalwebAGPD/canaldocumentacion/informes_juridicos/reglamento_lopd/index-ides-idphp.php},
OPTorganization = {Agencia Española de protección de datos},
year = {último acceso en 2018},
}
@Book{agileSamurai,
author = 	 {Jonathan Rasmusson},
title = 	 {The Agile Samurai},
publisher = 	 {Pragamatic Bookshelf},
year = 	 {2010},
}
@online{notMethodology,
title = {SCRUM: Framework not methodology},
url = {https://guntherverheyen.com/2013/03/21/scrum-framework-not-methodology/},
year = {2013},
}
@Book{guiaScrum,
author = {Ken Schwaber and Jeff Sutherland},
title = {The Scrum Guide},
year = {2017},
}
@Book{scrumXP,
author =		{Henrik Kniberg},
title = 	 	{Scrum and XP from the Trenches},
publisher = 	{C4Media},
year = 	 	{2007}
}
@online{cloc,
title = {GitHub, Cloc},
url = {https://github.com/AlDanial/cloc},
year = {último acceso en 2018},
}
@online{jhipster,
title = {Greetings, Java Hipster. JHipster},
url = {https://www.jhipster.tech},
OPTorganization = {JHipster},
year = {último acceso en 2018},
}
@online{websockets,
title = {Mozilla Developer Network, WebSockets},
url = {https://developer.mozilla.org/es/docs/WebSockets-840092-dup},
OPTorganization = {Mozilla},
year = {último acceso en 2018},
}
@online{jdl,
title = {Jhipster Domain Language (JDL)},
url = {https://www.jhipster.tech/jdl/},
OPTorganization = {JHipster},
year = {último acceso en 2018},
}
@online{jdl-studio,
title = {JDL-Studio},
url = {https://www.start.jhipster.tech/jdl-studio/},
OPTorganization = {JHipster},
year = {último acceso en 2018},
}
@online{liquibase,
title = {Liquibase official Site},
url = {https://www.liquibase.org/},
OPTorganization = {Liquibase},
year = {último acceso en 2018},
}
@online{angular,
title = {Angular. One framework. Mobile and desktop},
url = {https://angular.io/},
OPTorganization = {Google},
year = {último acceso en 2018},
}
@online{mariaDB,
title = {The MariaDB Foundation – Supporting continuity and open collaboration in the MariaDB ecosystem},
url = {https://mariadb.org/},
OPTorganization = {MariaDB},
year = {último acceso en 2018},
}
@online{springBoot,
title = {Spring Boot},
url = {https://spring.io/projects/spring-boot},
OPTorganization = {Pivotal Software},
year = {último acceso en 2018},
}
@online{springSec,
title = {Spring Security},
url = {https://projects.spring.io/spring-security/},
OPTorganization = {Pivotal Software},
year = {último acceso en 2018},
}
@online{tomcat,
title = {Apache Tomcat},
url = {http://tomcat.apache.org/},
OPTorganization = {The Apache Software Foundation},
year = {último acceso en 2018},
}
@online{forms,
title = {Formularios de Google},
url = {http://google.es/intl/es/forms/about/},
OPTorganization = {Google},
year = {último acceso en 2018},
}
@online{•,
author = {•},
title = {•},
year = {•},
url = {•},
OPTsubtitle = {•},
OPTtitleaddon = {•},
OPTlanguage = {•},
OPTversion = {•},
OPTnote = {•},
OPTorganization = {•},
OPTdate = {•},
OPTmonth = {•},
OPTaddendum = {•},
OPTpubstate = {•},
OPTurldate = {•},
}

@online{tuckman,
author = {Mark K. Smith},
title = {Bruce W. Tuckman – forming, storming norming and performing in groups},
url = {http://infed.org/mobi/bruce-w-tuckman-forming-storming-norming-and-performing-in-groups/},
year = {último acceso en 2018},
}



